<?xml version="1.0" encoding="UTF-8"?><collection xmlns="http://www.loc.gov/MARC21/slim"><record><leader>00429nam--2200133-i-4500</leader><controlfield tag="001">000000968</controlfield><controlfield tag="002">20161230</controlfield><controlfield tag="005">20161230201024</controlfield><controlfield tag="008">060222s1000------------r-----000-0-eng-d</controlfield><datafield ind1=" " ind2=" " tag="100"><subfield code="a">Googin, J.M., Griffith, W.L., Patton, F.S</subfield></datafield><datafield ind1=" " ind2=" " tag="245"><subfield code="a">Enriched uranium  processing</subfield></datafield><datafield ind1=" " ind2=" " tag="260"><subfield code="a">Oxford, Pergamon Press, 1963. Viii + 282 P</subfield></datafield><datafield ind1=" " ind2=" " tag="490"><subfield code="a">Intern_series Of Monographs On Nuclear Energy. Division Ix:Chemical Engineering</subfield></datafield><datafield ind1=" " ind2=" " tag="852"><subfield code="a">19244</subfield></datafield></record></collection>